
@Manual{rstudio_2020,
    title = {RStudio: Integrated Development Environment for R},
    author = {{RStudio Team}},
    organization = {RStudio, Inc.},
    address = {Boston, MA},
    year = {2020},
    url = {http://www.rstudio.com/},
  }


@Manual{R_core_team2020,
    title = {R: A Language and Environment for Statistical Computing},
    author = {{R Core Team}},
    organization = {R Foundation for Statistical Computing},
    address = {Vienna, Austria},
    year = {2020},
    url = {https://www.R-project.org/},
  }


@book{wickham2016r,
  title={R for data science: import, tidy, transform, visualize, and model data},
  author={Wickham, Hadley and Grolemund, Garrett},
  year={2016},
  publisher={" O'Reilly Media, Inc."}
}

@book{crawley2012r,
  title={The R book},
  author={Crawley, Michael J},
  year={2012},
  publisher={John Wiley \& Sons}
}

@book{beckerman2017getting,
  title={Getting started with R: an introduction for biologists},
  author={Beckerman, Andrew P and Childs, Dylan Z and Petchey, Owen L},
  year={2017},
  publisher={Oxford University Press}
}

@book{healy2018data,
  title={Data visualization: a practical introduction},
  author={Healy, Kieran},
  year={2018},
  publisher={Princeton University Press}
}


@Book{ggplot2,
    author = {Hadley Wickham},
    title = {ggplot2: Elegant Graphics for Data Analysis},
    publisher = {Springer-Verlag New York},
    year = {2016},
    isbn = {978-3-319-24277-4},
    url = {https://ggplot2.tidyverse.org},
  }
  
  
  
@article{wilkinson2012grammar,
  title={The Grammar of Graphics},
  author={Wilkinson, Leland},
  journal={Handbook of Computational Statistics},
  pages={375--414},
  year={2012},
  publisher={Springer}
}

@article{kitahara2014association,
  title={Association between class III obesity (BMI of 40--59 kg/m 2) and mortality: a pooled analysis of 20 prospective studies},
  author={Kitahara, Cari M and Flint, Alan J and de Gonzalez, Amy Berrington and Bernstein, Leslie and Brotzman, Michelle and MacInnis, Robert J and Moore, Steven C and Robien, Kim and Rosenberg, Philip S and Singh, Pramil N and others},
  journal={PLoS Med},
  volume={11},
  number={7},
  pages={e1001673},
  year={2014},
  publisher={Public Library of Science}
}